@article
    {
    Knoll2011,
    author = {Knoll, Andrew H.},
    title = {The Multiple Origins of Complex Multicellularity},
    journal = {Annual Review of Earth and Planetary Sciences},
    volume = {39},
    number = {1},
    pages = {217-239},
    year = {2011},
    doi = {10.1146/annurev.earth.031208.100209}
    }

@book
    {
    O’ConnorAdams2010,
    author = {O'Connor, C.M. and Adams, J.U.},
    title = {Essentials of Cell Biology},
    publisher = {Cambridge, MA: NPG Education},
    year = {2010},
    }

@book
    {
    TortoraDerrickson2016,
    author = {Tortora, G.J. and Derrickson, B.},
    title = {Principles of Anatomy and Physiology},
    publisher = {J. Wiley},
    year = {2016},
    }

@book
    {
    Kandeletal2000,
    author = {Kandel, E.R. and Schwartz, J.H. and Jessel, T.M.},
    title = {Principles of neural science},
    publisher = {New York : McGraw-Hill, Health Professions Division},
    year = {2000},
    }

@incollection
    {
    Dharani2015,
    author = {K. Dharani},
    title = {Chapter 1 - Functional Anatomy of the Brain},
    booktitle = {The Biology of Thought},
    publisher = {Academic Press},
    pages = {3-29},
    year = {2015},
    doi = {https://doi.org/10.1016/B978-0-12-800900-0.00001-4},
    }

@article
    {
    Goldmanetal2022,
    author = {Goldman, L. and Siddiqui, E.M. and Khan, A. and Jahan, S. and Rehman, M.U and Mehan, S. and Sharma, R. and Budkin, S. and Kumar, S.N. and Sahu, A. and Kumar, M. and Vaibhav, K.},
    title = {Understanding Acquired Brain Injury: A Review},
    journal = {Biomedicines},
    volume = {10},
    number = {9},
    pages = {2167},
    year = {2022},
    doi = {10.3390/biomedicines10092167}
    }

@misc
    {
    WHO2020,
    author = {{World Health Organization}},
    title = {{Global Health Estimates 2020: Deaths by Cause, Age, Sex, by Country and by Region, 2000-2019}},  
    year = {2020}
    }

@article
    {
    Tsaoetal2023,
    author = {C.W. Tsao and A.W. Aday and Z.I. Almarzooq  and C.A.M. Anderson  and P.Arora  and C.L. Avery and C.M. Baker-Smith  and A.Z. Beaton and A.K. Boehme  and A.E. Buxton and Y. Commodore-Mensah and M.S.V. Elkind  and K.R. Evenson  and C. Eze-Nliam and S. Fugar  and G. Generoso  and D.G. Heard  and S.Hiremath  and J.E. Ho  and R. Kalani  and D.S. Kazi  and D. Ko  and D.A. Levine  and J. Liu  and J. Ma  and J.W. Magnani  and E.D. Michos  and M.E. Mussolino  and S.D. Navaneethan  and N.I. Parikh  and R. Poudel  and M. Rezk-Hanna  and G.A. Roth  and N.S. Shah  and M. St-Onge  and E.L. Thacker  and S.S. Virani  and J.H. Voeks  and N. Wang  and N.D. Wong  and S.S. Wong  and K. Yaffe  and S.S. Martin},
    title = {Heart Disease and Stroke Statistics—2023 Update: A Report From the American Heart Association},
    journal = {Circulation},
    volume = {147},
    number = {8},
    pages = {e93-e621},
    year = {2023},
    doi = {10.1161/CIR.0000000000001123},
    }

@article
    {
    Nudo2013,
    author={Nudo, R.},   
    title={Recovery after brain injury: mechanisms and principles},      
    journal={Frontiers in Human Neuroscience},      
    volume={7},           
    year={2013},      
    doi={10.3389/fnhum.2013.00887},      
    }

@article
    {
    Zeiler2013,
    author = {S.R. Zeiler and J.W. Krakauer},
    title = {The interaction between training and plasticity in the poststroke brain},
    journal = {Current Opinion in Neurology},
    volume={26},     
    number = {6},
    pages = {609-616},
    year={2013},      
    doi={10.1097/WCO.0000000000000025}, 
}

@article
    {
    Freed1985,
    author = {W.J. Freed  and L. de Medinaceli  and R.J. Wyatt },
    title = {Promoting Functional Plasticity in the Damaged Nervous System},
    journal = {Science},
    volume = {227},
    number = {4694},
    pages = {1544-1552},
    year = {1985},
    doi = {10.1126/science.3975624},
    }

@article
    {
    Patel2000,
    author = {A.T. Patel and P.W. Duncan and S. Lai and S. Studenski},
    title = {The relation between impairments and functional outcomes poststroke},
    journal = {Archives of Physical Medicine and Rehabilitation},
    volume = {81},
    number = {10},
    pages = {1357-1363},
    year = {2000},
    doi = {https://doi.org/10.1053/apmr.2000.9397}
    }

@article
    {
    Palma-Tortosa2021,
    author={Palma-Tortosa, S. and Coll-San Martin, B. and Kokaia, Z. and Tornero, D.},
    title={Neuronal Replacement in Stem Cell Therapy for Stroke: Filling the Gap},
    journal={Frontiers in Cell and Developmental Biology},
    year={2021},
    volume={9},
    pages={2-8},
    doi = {10.3389/fcell.2021.662636}
    }

@article
    {
    Panuccio2018,
    author={G. Panuccio and M. Semprini and L. Natale and S. Buccelli and I. Colombi and M. Chiappalone},
    title={Progress in Neuroengineering for brain repair: New challenges and open issues},
    journal={Brain and Neuroscience Advances},
    year={2018},
    volume={2},
    number={},
    pages={2398212818776475},
    doi={10.1177/2398212818776475}
    }

@article
    {
    Semprini2018,
    author={M. Semprini and M. Laffranchi and V. Sanguineti and L. Avanzino and R. De Icco and L. De Michieli and M. Chiappalone},
    title={Technological Approaches for Neurorehabilitation: From Robotic Devices to Brain Stimulation and Beyond},
    journal={Frontiers in Neurology},
    year={2018},
    volume={9},
    doi={10.3389/fneur.2018.00212}
    }

@article
    {
    Famm2013,
    author={K. Famm and B. Litt and K.J. Tracey and E.S. Boyden and M. Slaoui},
    title={A jump-start for electroceuticals},
    journal={Nature},
    year={2013},
    volume={496},
    number={7444},
    pages={159-161},
    doi={10.1038/496159a}
    }

@article
    {
    Reardon2014,
    author={S. Reardon},
    title={Electroceuticals spark interest},
    journal={Nature},
    year={2014},
    volume={511},
    number = {7507},
    pages={18},
    doi = {10.1038/511018a}
    }

@article
    {
    Markram1997,
    author = {H. Markram  and J. Lübke and M. Frotscher  and B. Sakmann},
    title = {Regulation of Synaptic Efficacy by Coincidence of Postsynaptic APs and EPSPs},
    journal = {Science},
    volume = {275},
    number = {5297},
    pages = {213-215},
    year = {1997},
    doi = {10.1126/science.275.5297.213}
    }

@article
    {
    Feldman2012,
    author = {D.E. Feldman},
    title = {The Spike-Timing Dependence of Plasticity},
    journal = {Neuron},
    volume = {75},
    number = {4},
    pages = {556-571},
    year = {2012},
    doi = {https://doi.org/10.1016/j.neuron.2012.08.001}
    }

@book
    {
    Hebb1949,
    author = {Hebb, D.O.},
    title = {The organization of behavior: a neuropsychological theory},
    publisher = {J. Wiley},
    year = {1949}
    }

@article
    {
    Ting2021,
    author = {W.K. Ting and F.A. Fadul and S. Fecteau and C. Ethier},
    title = {Neurostimulation for Stroke Rehabilitation},
    journal = {Frontiers in Neuroscience},
    volume = {15},
    year = {2021},
    doi = {10.3389/fnins.2021.649459}
    } 

@article
    {
    Alder2019,
    author={G. Alder and N. Signal and S. Olsen and D. Taylor},
    title={A systematic review of paired associative stimulation (PAS) to modulate lower limb corticomotor excitability: implications for stimulation parameter selection and experimental design},
    journal={Frontiers in neuroscience},
    volume={13},
    pages={473548},
    year={2019},
    }

@article
    {
    Averna2020,
    author={A. Averna and V. Pasquale and M.D. Murphy and M.P. Rogantin and G.M. Van Acker and R.J. Nudo and M. Chiappalone and D.J. Guggenmos},
    title={Differential effects of open-and closed-loop intracortical microstimulation on firing patterns of neurons in distant cortical areas},
    journal={Cerebral Cortex},
    volume={30},
    number={5},
    pages={2879--2896},
    year={2020}
    }

@article
    {
    Averna2021,
    author={A. Averna and P. Hayley and M.D. Murphy and F. Barban and J. Nguyen and S. Buccelli and R.J. Nudo and M. Chiappalone and D. J. Guggenmos},
    title={Entrainment of network activity by closed-loop microstimulation in healthy ambulatory rats},
    journal={Cerebral Cortex},
    volume={31},
    number={11},
    pages={5042--5055},
    year={2021}
    }

@article
    {
    Gupta2023,
    author = {A. Gupta and N. Vardalakis and F.B.P. Wagner},
    title = {Neuroprosthetics: from sensorimotor to cognitive disorders},
    journal = {Communications Biology},
    volume = {6},
    year = {2023},
    doi = {10.1038/s42003-022-04390-w}
    }

@article
    {
    Broccard2017,
    author = {F.D. Broccard and S. Joshi and J. Wang and G. Cauwenberghs},
    title = {Neuromorphic neural interfaces: from neurophysiological inspiration to biohybrid coupling with nervous systems},
    journal = {Journal of Neural Engineering},
    volume = {14},
    number = {4},
    pages = {041002},
    year = {2017},
    doi = {10.1088/1741-2552/aa67a9}
    }

@article
    {
    Christensen2022,
    author = {D.V. Christensen and R. Dittmann and B. Linares-Barranco and A. Sebastian and M. Le Gallo and A. Redaelli and S. Slesazeck and T. Mikolajick and S. Spiga and S. Menzel and I. Valov and G.Milano and C. Ricciardi and S. Liang and F. Miao and M. Lanza and T.J. Quill and S.T. Keene and A. Salleo and J. Grollier and D. Marković and A. Mizrahi and P. Yao and J.J. Yang and G. Indiveri and J.P. Strachan and S. Datta and E. Vianello and A. Valentian and J. Feldmann and X. Li and W.H.P. Pernice and H. Bhaskaran and S. Furber and E. Neftci and F. Scherr and W. Maass and S. Ramaswamy and J. Tapson and P. Panda and Y. Kim and G. Tanaka and S. Thorpe and C. Bartolozzi and T.A. Cleland and C. Posch and S. Liu and G. Panuccio and M. Mahmud and A.N. Mazumder and M. Hosseini and T. Mohsenin and E. Donati and S. Tolu and R. Galeazzi and M.E. Christensen and S. Holm and D. Ielmini and N. Pryds},
    title = {2022 roadmap on neuromorphic computing and engineering},
    journal = {Neuromorphic Computing and Engineering},
    volume = {2},
    number = {2},
    pages = {022501},
    year = {2022},
    doi = {10.1088/2634-4386/ac4a83},
    }

@article
    {
    Levi2018,
    author = {T. Levi and P. Bonifazi and P. Massobrio and M. Chiappalone},
    title = {Editorial: Closed-Loop Systems for Next-Generation Neuroprostheses},
    journal = {Frontiers in Neuroscience},
    year = {2018},
    doi = {10.3389/fnins.2018.00026}
    }

@article
    {
    Buccelli2019,
    author = {S. Buccelli and Y. Bornat and I. Colombi and M. Ambroise and L. Martines and V. Pasquale and M. Bisio and J. Tessadori and P. Nowak and F. Grassia and A. Averna and M. Tedesco and P. Bonifazi and F. Difato and P. Massobrio and T. Levi and M. Chiappalone},
    title = {A Neuromorphic Prosthesis to Restore Communication in Neuronal Networks},
    journal = {iScience},
    volume = {19},
    pages = {402-414},
    year = {2019},
    doi = {https://doi.org/10.1016/j.isci.2019.07.046}
    }

@article
    {
    Bonifazi2013,
    author = {P. Bonifazi and F. Difato and P. Massobrio and G.L. Breschi and V. Pasquale and T. Levi and M. Goldin and Y. Bornat and M. Tedesco and M. Bisio and R. Galron and S. Kanner and J. Tessadori and S. Taverna and M. Chiappalone},
    title = {In vitro large-scale experimental and theoretical studies for the realization of bi-directional brain-prostheses},
    journal = {Frontiers in Neural Circuits},
    volume = {7},
    year = {2013},
    doi = {10.3389/fncir.2013.00040}
    }

@article
    {
    George2020,
    author = {R. George and M. Chiappalone and M. Giugliano and T. Levi and S. Vassanelli and J. Partzsch and C. Mayr},
    title = {Plasticity and adaptation in neuromorphic biohybrid systems},
    journal = {Iscience},
    volume = {23},
    number={10},
    year = {2020},
    doi = {10.3389/fncir.2013.00040}
    }

@article
    {
    Tavanaei2019,
    author={A. Tavanaei and M. Ghodrati and S.R. Kheradpisheh and T. Masquelier and A. Maida},
    title={Deep learning in spiking neural networks},
    journal={Neural networks},
    volume={111},
    pages={47--63},
    year={2019}
    }

@inproceedings
    {
    DiFlorio2023,
    author={M. {Di Florio} and M. Carè and R. Beaubois and V.R. Cota and F. Barban and T. Levi and M. Chiappalone},
    booktitle={2023 45th Annual International Conference of the IEEE Engineering in Medicine \& Biology Society (EMBC)}, 
    title={Design of an experimental setup for delivering intracortical microstimulation in vivo via Spiking Neural Network}, 
    year={2023},
    pages={1-4},
    doi={10.1109/EMBC40787.2023.10340907}
    }

@article
    {
    HinesCarnevale2001,
    author = {M.L. Hines and N.T. Carnevale},
    title ={{Neuron: A Tool for Neuroscientists}},
    journal = {The Neuroscientist},
    volume = {7},
    number = {2},
    pages = {123-135},
    year = {2001},
    doi = {10.1177/107385840100700207},
    }

@article
    {
    GewaltigDiesmann2007,
    author = {M.O. Gewaltig and M. Diesmann},
    title = {{N}{E}{S}{T} ({N}{E}ural {S}imulation {T}ool)},
    journal = {Scholarpedia},
    volume = {2},
    number  = {4},
    pages = {1430},
    year = {2007},
    doi = {10.4249/scholarpedia.1430}
    }

@article
    {
    Stimberg2019,
    author = {M. Stimberg and R. Brette and D.F.M. Goodman},
    title = {Brian 2, an intuitive and efficient neural simulator},
    journal = {eLife},
    volume = {8},
    pages = {e47314},
    year = {2019},
    doi = {10.7554/eLife.47314}
    }

@article
    {
    Merolla2014,
    author = {P.A. Merolla and J.V. Arthur and R. Alvarez-Icaza and A.S. Cassidy and J. Sawada and F. Akopyan and B.L. Jackson and N. Imam and C. Guo and Y. Nakamura and B. Brezzo and I. Vo and S.K. Esser and R. Appuswamy and B. Taba and A. Amir and M.D. Flickner and W.P. Risk and R. Manohar and D.S. Modha},
    title = {A million spiking-neuron integrated circuit with a scalable communication network and interface},
    journal = {Science},
    volume = {345},
    number = {6197},
    pages = {668-673},
    year = {2014},
    doi = {10.1126/science.1254642},
    }

@article
    {
    Pehle2022,
    author = {C. Pehle and S. Billaudelle and B. Cramer and J. Kaiser and K. Schreiber and Y. Stradmann and J. Weis and A. Leibfried and E. Müller and J. Schemmel},
    title = {{The BrainScaleS-2 Accelerated Neuromorphic System With Hybrid Plasticity}},
    journal = {Frontiers in Neuroscience},
    volume = {16},
    year = {2022},
    doi = {10.3389/fnins.2022.795876},
    }

@article
    {
    Painkras2013,
    author={E. Painkras and L.A. Plana and J. Garside and S. Temple and F. Galluppi and C. Patterson and D.R. Lester and A.D. Brown and S.B. Furber},
    title={{SpiNNaker: A 1-W 18-Core System-on-Chip for Massively-Parallel Neural Network Simulation}}, 
    journal={IEEE Journal of Solid-State Circuits}, 
    volume={48},
    number={8},
    pages={1943-1953},
    year={2013},
    doi={10.1109/JSSC.2013.2259038}
    }

@article
    {
    Davies2018,
    author={M. Davies and N. Srinivasa and T.H. Lin and G. Chinya and Y. Cao and S.H. Choday and G. Dimou and P. Joshi and N. Imam and S. Jain and Y. Liao and C.K. Lin and A. Lines and R. Liu and D. Mathaikutty and S. McCoy and A. Paul and J. Tse and G. Venkataramanan and Y.H. Weng and A. Wild and Y. Yang and H. Wang},
    title={Loihi: A Neuromorphic Manycore Processor with On-Chip Learning}, 
    journal={IEEE Micro}, 
    volume={38},
    number={1},
    pages={82-99},
    year={2018},
    doi={10.1109/MM.2018.112130359}
    }

@article
    {
    Stradmann2022,
    author={Y. Stradmann and S. Billaudelle and O. Breitwieser and F.L. Ebert and A. Emmel and D. Husmann and J. Ilmberger and E. Müller and P. Spilger and J. Weis and J. Schemmel},
    title={Demonstrating Analog Inference on the BrainScaleS-2 Mobile System}, 
    journal={IEEE Open Journal of Circuits and Systems}, 
    volume={3},
    pages={252-262},
    year={2022},
    doi={10.1109/OJCAS.2022.3208413}
    }

@article 
    {
    Beaubois2023,
    author = {R. Beaubois and J. Cheslet and T. Duenki and F. Khoyratee and P. Branchereau and Y. Ikeuchi and T. Levi},
    title = {{Bi{\oe}muS: A new tool for neurological disorders studies through real-time emulation and hybridization using biomimetic Spiking Neural Network}},
    journal = {bioRxiv},
    year = {2023},
    doi = {10.1101/2023.09.05.556241},
    }

@article
    {
    Pampaloni2007,
    author={F. Pampaloni and E.G. Reynaud and E.H.K. Stelzer},
    title={The third dimension bridges the gap between cell culture and live tissue},
    journal={Nature reviews Molecular cell biology},
    volume={8},
    number={10},
    pages={839--845},
    year={2007},
    }

@article
    {
    BreslinO’Driscoll2013,
    author={S. Breslin and L. O'Driscoll},
    title={Three-dimensional cell culture: the missing link in drug discovery},
    journal={Drug discovery today},
    volume={18},
    number={5-6},
    pages={240--249},
    year={2013},
    }

@article
    {
    Duval2017,
    author={K. Duval and H. Grover and L.H. Han and Y. Mou and A.F. Pegoraro and J. Fredberg and Z. Chen},
    title={Modeling physiological events in 2D vs. 3D cell culture},
    journal={Physiology},
    volume={32},
    number={4},
    pages={266--277},
    year={2017},
    }

@article
    {
    Kim2020,
    author={J. Kim and B.K. Koo and J.A. Knoblich},
    title={Human organoids: model systems for human biology and medicine},
    journal={Nature Reviews Molecular Cell Biology},
    volume={21},
    number={10},
    pages={571--584},
    year={2020},
    }

@article
    {
    Huh2011,
    author={D. Huh and G.A. Hamilton and D.E. Ingber},
    title={From 3D cell culture to organs-on-chips},
    journal={Trends in cell biology},
    volume={21},
    number={12},
    pages={745--754},
    year={2011},
    }

@article
    {
    Ma2021,
    author={C. Ma and Y. Peng and H. Li and W. Chen},
    title={Organ-on-a-chip: a new paradigm for drug development},
    journal={Trends in pharmacological sciences},
    volume={42},
    number={2},
    pages={119--133},
    year={2021},
    }

@article
    {
    Peters2007,
    author={L.L. Peters and R.F. Robledo and C.J. Bult and G.A. Churchill and B.J. Paigen and K.L. Svenson},
    title={The mouse as a model for human biology: a resource guide for complex trait analysis},
    journal={Nature Reviews Genetics},
    volume={8},
    number={1},
    pages={58--69},
    year={2007},
    }

@article
    {
    Graham2004,
    author={S.M. Graham and L.D. McCullough and S.J. Murphy},
    title={Animal models of ischemic stroke: balancing experimental aims and animal care},
    journal={Comparative medicine},
    volume={54},
    number={5},
    pages={486--496},
    year={2004},
    }

@article
    {
    Garcia1993,
    author={J.H. Garcia and Y. Yoshida and H. Chen and Y. Li and Z.G. Zhang and J. Lian and S. Chen and M. Chopp},
    title={Progression from ischemic injury to infarct following middle cerebral artery occlusion in the rat.},
    journal={The American journal of pathology},
    volume={142},
    number={2},
    pages={623},
    year={1993},
    }

@article
    {
    Tsuji2013,
    author={M. Tsuji and M. Ohshima and A. Taguchi and Y. Kasahara and T. Ikeda and T. Matsuyama},
    title={A novel reproducible model of neonatal stroke in mice: comparison with a hypoxia--ischemia model},
    journal={Experimental neurology},
    volume={247},
    pages={218--225},
    year={2013},
    }

@article
    {
    Zhang2013,
    author={P. Zhang and H. Yu and N. Zhou and J. Zhang and Y. Wu and Y. Zhang and Y. Bai and J. Jia and Q. Zhang and S. Tian and J. Wu and Y. Hu},
    title={Early exercise improves cerebral blood flow through increased angiogenesis in experimental stroke rat model},
    journal={Journal of neuroengineering and rehabilitation},
    volume={10},
    pages={1--10},
    year={2013},
    }

@article
    {
    Frost2006,
    author={S.B. Frost and S. Barbay and M.L. Mumert and A.M. Stowe and R.J. Nudo},
    title={An animal model of capsular infarct: endothelin-1 injections in the rat},
    journal={Behavioural brain research},
    volume={169},
    number={2},
    pages={206--211},
    year={2006},
    }

@article    
    {
    Fang2010,
    author={P.C. Fang and S. Barbay and E.J. Plautz and E. Hoover and S.M. Strittmatter and R.J. Nudo},
    title={Combination of NEP 1-40 treatment and motor training enhances behavioral recovery after a focal cortical infarct in rats},
    journal={Stroke},
    volume={41},
    number={3},
    pages={544-549},
    year={2010},
    }

@article
    {
    McAuley1995,
    author={M.A. McAuley},
    title={Rodent models of focal ischemia.},
    journal={Cerebrovascular and brain metabolism reviews},
    volume={7},
    number={2},
    pages={153--180},
    year={1995}
    }

@article
    {
    Traystman2003,
    author={R.J. Traystman},
    title={Animal models of focal and global cerebral ischemia},
    journal={ILAR journal},
    volume={44},
    number={2},
    pages={85--95},
    year={2003},
    }

@article
    {
    Sharkey1993,
    author={J. Sharkey},
    title={Perivascular microapplication of endothelin-1: a new model of focal cerebral ischaemia in the rat},
    journal={Journal of Cerebral Blood Flow \& Metabolism},
    volume={13},
    number={5},
    pages={865--871},
    year={1993},
    }

@article
    {
    Nishibe2010,
    author={M. Nishibe and S. Barbay and D. Guggenmos and R.J. Nudo},
    title={Reorganization of motor cortex after controlled cortical impact in rats and implications for functional recovery},
    journal={Journal of neurotrauma},
    volume={27},
    number={12},
    pages={2221--2232},
    year={2010},
    }

@article
    {
    Friel2005,
    author={K.M. Friel and S. Barbay and S.B. Frost and E.J. Plautz and D.M. Hutchinson and A.M. Stowe and N. Dancause and E.V. Zoubina and B.M. Quaney and R.J. Nudo},
    title={Dissociation of sensorimotor deficits after rostral versus caudal lesions in the primary motor cortex hand representation},
    journal={Journal of neurophysiology},
    volume={94},
    number={2},
    pages={1312--1324},
    year={2005},
    }

@article
    {
    Guggenmos2013,
    author={D.J. Guggenmos and M. Azin and S. Barbay and J.D. Mahnken and C. Dunham and P. Mohseni and R.J. Nudo},
    title={Restoration of function after brain damage using a neural prosthesis},
    journal={Proceedings of the National Academy of Sciences},
    volume={110},
    number={52},
    pages={21177--21182},
    year={2013},
    }

@article
    {
    Conner2005,
    author={J.M. Conner and A.A. Chiba and M.H. Tuszynski},
    title={The basal forebrain cholinergic system is essential for cortical plasticity and functional recovery following brain injury},
    journal={Neuron},
    volume={46},
    number={2},
    pages={173--179},
    year={2005},
    }

@article
    {
    Rouiller1993,
    author={E.M. Rouiller and V. Moret and F. Liang},
    title={Comparison of the connectional properties of the two forelimb areas of the rat sensorimotor cortex: support for the presence of a premotor or supplementary motor cortical area},
    journal={Somatosensory \& motor research},
    volume={10},
    number={3},
    pages={269--289},
    year={1993},
    }

@article
    {
    Dancause2005,
    author={N. Dancause and S. Barbay and S.B. Frost and E.J. Plautz and D. Chen and E.V. Zoubina and A.M. Stowe and R.J. Nudo},
    title={Extensive cortical rewiring after brain injury},
    journal={Journal of Neuroscience},
    volume={25},
    number={44},
    pages={10167--10179},
    year={2005},
    }

@article
    {
    Fang2005,
    author={P.C. Fang and I. Stepniewska and J.H. Kaas},
    title={Ipsilateral cortical connections of motor, premotor, frontal eye, and posterior parietal fields in a prosimian primate, Otolemur garnetti},
    journal={Journal of Comparative Neurology},
    volume={490},
    number={3},
    pages={305--333},
    year={2005},
    }

@article
    {
    Svozil1997,
    author={D. Svozil and V. Kvasnicka and J. Pospichal},
    title={Introduction to multi-layer feed-forward neural networks},
    journal={Chemometrics and intelligent laboratory systems},
    volume={39},
    number={1},
    pages={43--62},
    year={1997},
    }

@article
    {
    O'SheaNash2015,
    author={K. O'Shea and R. Nash},
    title={An introduction to convolutional neural networks},
    journal={arXiv preprint arXiv:1511.08458},
    year={2015}
    }

@book
    {
    MedskerJain1999,
    author={L. Medsker and L.C. Jain},
    title={Recurrent neural networks: design and applications},
    year={1999},
    publisher={CRC press}
    }

@article
    {
    Ghosh-DastidarAdeli2009,
    title={Spiking neural networks},
    author={S. Ghosh-Dastidar and H. Adeli},
    journal={International journal of neural systems},
    volume={19},
    number={04},
    pages={295--308},
    year={2009},
    }

@article
    {
    HodgkinHuxley1990,
    author={A.L. Hodgkin and A.F. Huxley},
    title={A quantitative description of membrane current and its application to conduction and excitation in nerve},
    journal={Bulletin of mathematical biology},
    volume={52},
    pages={25--71},
    year={1990},
    }

@article
    {
    Abbott1999,
    author = {L.F. Abbott},
    title = {Lapicque’s introduction of the integrate-and-fire model neuron (1907)},
    journal = {Brain Research Bulletin},
    volume = {50},
    number = {5},
    pages = {303-304},
    year = {1999},
    }

@book
    {
    GerstnerKistler2002,
    author={W. Gerstner and W.M. Kistler},
    title={Spiking neuron models: Single neurons, populations, plasticity},
    year={2002},
    publisher={Cambridge university press}
    }

@article
    {
    Fourcaud-Trocmé2003,
    author = {N. Fourcaud-Trocmé and D. Hansel and C. van Vreeswijk and N. Brunel},
    title = {How Spike Generation Mechanisms Determine the Neuronal Response to Fluctuating Inputs},
    journal = {Journal of Neuroscience},
    volume = {23},
    number = {37},
    pages = {11628--11640},
    year = {2003},
    }

@article
    {
    GerstnerBrette2009,
    author={W. Gerstner and R. Brette},
    title={Adaptive exponential integrate-and-fire model},
    journal={Scholarpedia},
    volume={4},
    number={6},
    pages={8427},
    year={2009}
    }

@article
    {
    Izhikevich2003,
    author={E.M. Izhikevich},
    title={Simple model of spiking neurons}, 
    journal={IEEE Transactions on Neural Networks}, 
    year={2003},
    volume={14},
    number={6},
    pages={1569-1572},
    }

@article
    {
    Brette2015,
    author={R. Brette},
    title={What Is the Most Realistic Single-Compartment Model of Spike Initiation?}, 
    journal={PLoS computational biology}, 
    year={2015},
    volume={11},
    number={4},
    pages={e1004114},
    }

@article
    {
    Destexhe2001,
    author={A. Destexhe and M. Rudolph and J.M. Fellous and T.J. Sejnowski},
    title={Fluctuating synaptic conductances recreate in vivo-like activity in neocortical neurons},
    journal={Neuroscience},
    volume={107},
    number={1},
    pages={13--24},
    year={2001},
    }

@article
    {
    Tuckwell2002,
    author={H.C. Tuckwell and F.Y.M. Wan and J.P. Rospars},
    title={A spatial stochastic neuronal model with Ornstein--Uhlenbeck input current},
    journal={Biological cybernetics},
    volume={86},
    number={2},
    pages={137--145},
    year={2002},
    }

@article
    {
    Destexhe1998,
    author={A. Destexhe and Z.F. Mainen and T.J. Sejnowski},
    title={Kinetic models of synaptic transmission},
    journal={Methods in neuronal modeling},
    volume={2},
    pages={1--25},
    year={1998},
    }

%%%%%%%%%%%%%%%%%%%%%% Chapter 2 %%%%%%%%%%%%%%%%%%%%%%%

@article
    {
    Carè2024,
    author={M. Carè and M. Chiappalone and V.R. Cota},
    title={Personalized strategies of neurostimulation: from static biomarkers to dynamic closed-loop assessment of neural function},
    journal={Frontiers in Neuroscience},
    volume={18},
    pages={1363128},
    year={2024},
    }

@article
    {
    Kleim2003,
    author={J.A. Kleim and R. Bruneau and P. VandenBerg and E. MacDonald and R. Mulrooney and D. Pocock},
    title={Motor cortex stimulation enhances motor recovery and reduces peri-infarct dysfunction following ischemic insult},
    journal={Neurological research},
    volume={25},
    number={8},
    pages={789-793},
    year={2003},
    }

@article
    {
    Gilmour2005,
    author={G. Gilmour and S.D. Iversen and M.F. O’Neill and M.J. O’Neill and M.A. Ward and D.M. Bannerman},
    title={Amphetamine promotes task-dependent recovery following focal cortical ischaemic lesions in the rat},
    journal={Behavioural brain research},
    volume={165},
    number={1},
    pages={98-109},
    year={2005},
    }

@article
    {
    Zullo2012,
    author={L. Zullo and M. Chiappalone and S. Martinoia and F. Benfenati},
    title={A “spike-based” grammar underlies directional modification in network connectivity: effect on bursting activity and implications for bio-hybrids systems},
    journal={PloS one},
    volume={7},
    number={11},
    pages={e49299},
    year={2012}
    }

@article
    {
    Lieb2017,    
    author={F. Lieb and H.G. Stark and C. Thielemann},
    title={A stationary wavelet transform and a time-frequency based spike detection algorithm for extracellular recorded data},
    journal={Journal of neural engineering},
    volume={14},
    number={3},
    pages={036013},
    year={2017}
    }

@article
    {
    Toosi2021,
    author={R. Toosi and M.A. Akhaee and M.R.A. Dehaqani},
    title={An automatic spike sorting algorithm based on adaptive spike detection and a mixture of skew-t distributions},
    journal={Scientific Reports},
    volume={11},
    number={1},
    pages={13925},
    year={2021},
    }

%%%%%%%%%%%%%%%%%%%%%% Chapter 3 %%%%%%%%%%%%%%%%%%%%%%%

@article
    {
    Khoyratee2019,
    author={F. Khoyratee and F. Grassia and S. Sa{\"\i}ghi and T. Levi},
    title={Optimized real-time biomimetic neural network on FPGA for bio-hybridization},
    journal={Frontiers in neuroscience},
    volume={13},
    pages={440626},
    year={2019},
    }

@article
    {
    Chiappalone2005,
    author={M. Chiappalone and A. Novellino and I. Vajda and A. Vato and S. Martinoia and J. van Pelt},
    title={Burst detection algorithms for the analysis of spatio-temporal patterns in cortical networks of neurons},
    journal={Neurocomputing},
    volume={65},
    pages={653--662},
    year={2005},
    }

@article
    {
    Selinger2004,
    author={J.V. Selinger and J.J. Pancrazio and G.W. Gross},
    title={Measuring synchronization in neuronal networks for biosensor applications},
    journal={Biosensors and Bioelectronics},
    volume={19},
    number={7},
    pages={675--683},
    year={2004},
    }

@article
    {
    Wagenaar2005,
    author={D.A. Wagenaar and R. Madhavan and J. Pine and S.M. Potter},
    title={Controlling bursting in cortical cultures with closed-loop multi-electrode stimulation},
    journal={Journal of Neuroscience},
    volume={25},
    number={3},
    pages={680--688},
    year={2005},
    }

@article
    {
    Chiappalone2022,
    author={M. Chiappalone and V.R. Cota and M. Car{\`e} and M. Di Florio and R. Beaubois and S. Buccelli and F. Barban and M. Brofiga and A. Averna and F. Bonacini and D.J. Guggenmos and Y. Bornat and P. Massobrio and P. Bonifazi and T. Levi},
    title={Neuromorphic-based neuroprostheses for brain rewiring: State-of-the-art and perspectives in neuroengineering},
    journal={Brain Sciences},
    volume={12},
    number={11},
    pages={1578},
    year={2022},
    }